@article{akiba-tcs-2016,
title = "Branch-and-reduce exponential/{FPT} algorithms in practice: A case study of vertex cover",
journal = "Theoretical Computer Science",
volume = "609, Part 1",
number = "",
pages = "211--225",
year = "2016",
note = "",
issn = "0304-3975",
doi = "http://dx.doi.org/10.1016/j.tcs.2015.09.023",
url = "http://www.sciencedirect.com/science/article/pii/S030439751500852X",
author = "T. Akiba and Y. Iwata",
keywords = "Branch-and-reduce",
keywords = "Vertex cover",
keywords = "Exact exponential algorithms",
keywords = "FPT algorithms ",
}
